%%
%% $Id$
%%
%% Document: Bibliographie der `makeindex'-Studienarbeit
%%

@String{pub-AW          = "Ad{\-d}i{\-s}on-Wes{\-l}ey"}
@String{pub-AW:adr      = "Reading, MA, USA"}
@String{pub-ACM         = "ACM Press"}
@String{pub-ACM:adr     = "New York, NY 10036, USA"}
@String{pub-OR          = "O'Reilly \& {Associates, Inc.}"}
@String{pub-OR:adr      = "981 Chestnut Street, Newton, MA 02164, USA"}
@String{j-SPE           = "Soft{\-}ware\emdash Prac{\-}tice and Experience"}
@String{j-EPODD         = "Electronic
                           Publishing Orig{\-}i{\-}na{\-}tion,
                           Dissemination, and Design"}
@String{j-GUTENBERG     = "Cahiers GUTenberg"}
@String{pub-DP          = "Digital Press"}
@String{pub-DP:adr      = "12 Crosby Drive, Bedford, MA 01730, USA"}
@String{pub-PH          = "Pren{\-}tice-Hall"}
@String{pub-PH:adr      = "Englewood Cliffs, NJ 07632, USA"}

@INBOOK{chicago,
   author = "",
   title = "The Chicago Manual of Style",
   publisher = "University of Chicago Press",
   edition = "Thirteenth",
   year = 1982,
   chapter = "18",
   pages = "",
   key = "Chicago" }

@BOOK{texbook,
   author = "Donald E. Knuth",
   title= "The {{\TeX}book}",
   publisher = "Addison-Wesley",
   year = 1984 }

@Manual{nroff,
  key   = "nroff",
  title = "{\tt nroff}",
  note =  "The nroff/troff document formatters are usually part
  of the {\sc Unix} system environment."
}

@BOOK{latex,
   author = "Leslie Lamport",
   title = "{\LaTeX \rm:} {A} Document Preparation System",
   publisher = "Addison-Wesley",
   year = 1986 }

@BOOK{Kopka:94,
   author = "Helmut Kopka",
   title = "{\LaTeX} Band 1 Einführung",
   publisher = pub-AW,
   year = 1994,
}

@Book{Goosens:LC94,
  author =       "Michel Goossens and Frank Mittelbach and Alexander
                 Samarin",
  title =        "The {\LaTeX} Companion",
  publisher =    pub-AW,
  year =         "1994",
  ISBN =         "0-201-54199-8",
  LCCN =         "Z253.4.L38 G66 1994",
  acknowledgement = ack-nhfb,
  price =        "US\$34.25",
  bibdate =      "Thu Jan 20 12:32:57 1994",
}

@TechReport{Chen:UCB-TR-87-347,
  author =       "Pehong Chen and Michael A. Harrison",
  title =        "Automating Index Preparation",
  institution =  "Computer Science Division, University of California",
  year =         "1987",
  type =         "Technical Report",
  number =       "87/347",
  address =      "Berkeley, CA, USA",
  month =        mar,
  note =         "This is an expanded version of
                 \cite{Chen:SPE-19-9-897}.",
}

@Manual{AIXmanual,
  title =        "AIX System Management Guide",
  key =          "IBM",
  organization = "IBM",
  year =         "1993",
}

@Manual{LEDA,
  title =        "LEDA User Manual Version 3.1",
  key =          "LEDA",
  organization = "Max-Planck-Institut für Informatik",
  author = 	 "Stefan Näher",
  address =      "Im Stadtwald, 66123 Saarbrücken, Germany",
  year =         "1995",
}

@Manual{PCCTSmanual,
  title =        "PCCTS Advanced Tutorial PCCTS 1.xx",
  key =          "PCCTS",
  organization  = "School of Electrical Engineering, Purdue University",
  author = 	 "Terence Parr and Will Cohen and Hank Dietz",
  address =      "West Lafayette, IN 47907",
  year =         "1994",
}

@Manual{Schrod:Makeindex30,
  author =       "Joachim Schrod and Gabor Herr",
  title =        "{MakeIndex Version 3.0}",
  institution =  "Technical University of Darmstadt",
  year =         "1991",
  month =        aug,
}

@Misc{stil,
  author =	 "Joachim Schrod",
  title =	 "{\textsc{STIL} -- SGML Transformations in \Lisp}",
  note =	 "This system is available at \texttt{ftp://ftp.th-darmstadt.de/pub/text/sgml/stil/}"
}

@Misc{CoST,
  author =	 "Klaus Harbo",
  title =	 "{CoST - Copenhagen SGML Tool}",
  note =	 "This system is available at
  \texttt{http://www.art.com/cost/}",
}

@Unpublished{xindy,
  key =          "xindy",
  author = 	 "Roger Kehr",
  title = 	 "{\xindy\ -- Ein Flexibles Indexierungsystem}",
  note = 	 "Report of a Project at the Computer Science
  Department, Technical University of Darmstadt, in German,
  Available from the author",
  year =	 1995,
  month =	 "November",
}

@TechReport{Ramsey:LPT93,
  author =       "Norman Ramsey",
  title =        "Literate-Programming can be simple and extensible",
  institution =  "Department of Computer Science, Princeton University",
  year =         "1994",
  keywords =     "literate programming, readability, programming languages",
  month =        nov,
}

@Booklet{starwriter,
   author = "{StarDivision GmbH}",
   title = "{StarWriter 2.0 für Windows Handbuch}",
   year = 1994,
}

@Booklet{winword,
   author = "Microsoft",
   title = "{WinWord 6.0 Handbuch}",
   year = 1994,
}

@Article{Chen:SPE-19-9-897,
  author =       "Pehong Chen and Michael A. Harrison",
  title =        "{Index Preparation and Processing}",
  journal =      j-SPE,
  year =         "1988",
  volume =       "19",
  number =       "9",
  pages =        "897--915",
  month =        sep,
  note =         "The {\LaTeX} text of this paper is included in the
                 {\tt makeindex} software distribution.",
}

@Article{Schrod:CG-10-81,
  author =       "Joachim Schrod",
  title =        "{An International Version of MakeIndex}",
  journal =      j-GUTENBERG,
  year =         "1991",
  volume =       "10",
  number =       "10--11",
  pages =        "81--90",
  month =        sep,
}

@Article{Bentley:EPODD-1-1-3,
  author =       "J. L. Bentley and B. W. Kernighan",
  title =        "{Tools for Printing Indexes}",
  journal =      j-EPODD,
  year =         "1988",
  volume =       "1",
  number =       "1",
  pages =        "3--18",
  month =        apr,
}

@TechReport{Parr:predLLk:94,
  author =       "Terence J. Parr and Russell W. Quong",
  title =        "{Adding Semantic and Syntactic Predicates to LL(k): pred--LL(k)}",
  institution =  "School of Electrical Engineering, Purdue University",
  year =         "1994",
  month =        apr,
}

@TechReport{Parr:sem:94,
  author =       "Terence J. Parr and Russell W. Quong",
  title =        "{LL and LR Translators need k$>$1 Lookahead}",
  institution =  "School of Electrical Engineering, Purdue University",
  year =         "1994",
  month =        dec,
}

@Article{Lamb:EPODD-6-1-23,
  author =       "David Alex Lamb and Margaret Anne Lamb",
  title =        "Separation of concerns for indexing",
  journal =      j-EPODD,
  year =         "1993",
  volume =       "6",
  number =       "1",
  pages =        "23--34",
  month =        mar,
}

@BOOK{griechen,
   author = "Karl Ker\'enyi",
   title= "{Die Mythologie der Griechen}",
   publisher = "{dtv Taschenbuch Verlag}",
   year = 1992
}

@Book{Unicode:US91,
  author =       "The {Unicode Consortium}",
  title =        "The Unicode Standard: Worldwide Character Encoding.
                 Version 1.0. Volumes 1 and 2.",
  publisher =    pub-AW,
  year =         "1991",
  ISBN =         "0-201-56788-1 (paperback, vol. 1), 0-201-60845-6
                 (paperback, vol. 2), 0-201-56788-1",
  LCCN =         "QA268 .U55 1991, Z103 .U6 1991",
}

@Book{Ellis:ACR90,
  author =       "Margaret A. Ellis and Bjarne Stroustrup",
  title =        "The Annotated {C++} Reference Manual",
  publisher =    pub-AW,
  year =         "1990",
  ISBN =         "0-201-51459-1",
  LCCN =         "QA76.73.C153 E35 1990",
  pages =        "x + 453",
  acknowledgement = ack-nhfb,
}

@Book{Lippman:CP91,
  author =       "Stanley B. Lippman",
  title =        "{C++} Primer",
  publisher =    pub-AW,
  year =         "1991",
  edition =      "Second",
  ISBN =         "0-201-54848-8",
  LCCN =         "QA76.73.C15 L57 1991",
  pages =        "xvi + 614",
  acknowledgement = ack-nhfb,
  bibdate =      "Mon Oct  4 15:21:16 1993",
}

@Book{Meyers:1992,
  author =       "Scott Meyers",
  title =        "Effektiv {C++} programmieren",
  publisher =    pub-AW,
  year =         "1992",
  ISBN =         "3-89319-539-4"
}

@Book{Aho:CPT86,
  author =       "Alfred V. Aho and Ravi Sethi and Jeffrey D. Ullman",
  title =        "Compilers\emdash Prin\-ci\-ples, Techniques, and
                 Tools",
  publisher =    pub-AW,
  year =         "1986",
  ISBN =         "0-201-10088-6",
  LCCN =         "QA76.76.C65 A371 1986",
  pages =        "x + 796",
  bibdate =      "Tue Dec 14 22:33:59 1993",
}

@Book{BGB,
  author =       "",
  title =        "Bürgerliches Gesetzbuch",
  publisher =    "Beck-Texte im dtv",
  year =         "1991",
  key =          "BGB",
}

@Book{Levine:LY92,
  author =       "John R. Levine and Tony Mason and Doug Brown",
  title =        "{\tt lex} \& {\tt yacc}",
  publisher =    pub-OR,
  year =         "1992",
  ISBN =         "1-56592-000-7",
  LCCN =         "QA76.76.U84M37 1992",
  edition =      "Second",
  pages =        "xxii + 366",
  price =        "US\$29.95",
  bibdate =      "Tue Jan 12 08:12:11 1993",
  acknowledgement = ack-nhfb,
}

@Book{Ihringer:93,
  author =       "Thomas Ihringer",
  title =        "Allgemeine Algebra",
  publisher =    "Teubner Studienbücher",
  year =         "1993",
}

@Book{Steele:common-lisp-2,
  author =       "Guy L. {Steele Jr.}",
  title =        "Common Lisp\emdash The Language",
  publisher =    pub-DP # " and " # pub-PH,
  address =      pub-DP:adr # " and " # pub-PH:adr,
  edition =      "Second",
  ISBN =         "1-55558-041-6 (Digital Press) and 0-13-152414-3
                 (Prentice-Hall)",
  year = 	 "1990",
}

@Book{Steele:CLL84,
  author =       "Guy L. {Steele Jr.}",
  title =        "Common Lisp\emdash The Language",
  publisher =    pub-DP,
  address =      pub-DP:adr,
  year =         "1984",
  price =        "US\$22.00",
  ISBN =         "0-93237-641-X",
  LCCN =         "QA76.73.L23 S73 1984",
  pages =        "xii + 465",
  bibdate =      "Wed Dec 15 10:42:41 1993",
}

@Book{Keene:88,
  author =       "Sonya E. Keene",
  title =        "Object--Oriented Programming in Common Lisp\emdash
		  A~Programmers Guide to CLOS",
  publisher =    pub-AW,
  year = 	 "1988",
}

@TechReport{CBM,
  author = 	 "Roger Kehr",
  title = 	 "{A Simple Context-Based Markup Algorithm and its Efficient
  Implementation in CLOS}",
  institution =  "Technical University of Darmstadt",
  year = 	 "1997",
  note =         "To appear",
}

@InProceedings{McLennan:1995:NIT,
author          ="Michael J. McLennan",
title           ="The New [incr {Tcl]}: Objects, Mega-Widgets, Namespaces
                 and More",
editor          ="{USENIX} Association",
booktitle       ="Proceedings of the Tcl\slash Tk Workshop, July 6--8, 1995,
                 Toronto, Ontario, Canada",
publisher       ="USENIX",
pages           ="151--160",
month           =jul,
year            ="1995",
}

@TechReport{xindy:tr,
  author = 	 "Roger Kehr",
  title = 	 "{\xindy -- Definition of an Indexing Model and its Implementation}",
  institution =  "Technical University of Darmstadt",
  year = 	 "1997",
  note =         "To appear",
}

@Manual{xindy:man,
  key =          "xindy manual",
  title = 	 "{Manual of the \xindy indexing system}",
  author =	 "Roger Kehr",
  note =	 "The manual is part of the \xindy-distribution"
}

@Book{Wall:PP92,
  author =       "Larry Wall and Randal L. Schwartz",
  title =        "Programming Perl",
  publisher =    pub-OR,
  year =         "1992",
  ISBN =         "0-937175-64-1",
  price =        "US\$29.95",
  pages =        "xxv + 454",
  LCCN =         "QA76.73.P43 W35 1990",
  address =      pub-OR:adr,
  note =         "The authoritative guide to {\tt perl}\emdash the
                 programming language for any serious {UNIX} users.",
  bibdate =      "Tue Sep 28 14:37:02 1993",
  acknowledgement = ack-sk,
}

@Book{Schwartz:LP93,
  author =       "Randal L. Schwartz",
  title =        "Learning Perl",
  publisher =    pub-OR,
  year =         "1993",
  ISBN =         "1-56592-042-2",
  address =      pub-OR,
  pages =        "274",
  price =        "US\$24.95",
  acknowledgement = ack-nhfb,
  bibdate =      "Wed Nov 24 15:46:41 1993",
}

@Book{ACM:X3J13,
  author =       "Daniel G. Bobrow and Linda G. DeMichiel and Richard
		  P. Gabriel and Sonya E. Keene and Gregor Kiczales
		  and David A. Moon",
  title =        "Common Lisp Object System Specification",
  publisher =    pub-ACM,
  year =         "1988",
  address =      pub-ACM:adr,
}


%%
%% $Log$
%% Revision 1.4  1997/02/19 18:41:45  kehr
%% Check in after Klaus' corrections.
%%
%% Revision 1.3  1997/02/14 09:10:24  kehr
%% New checkin for xindy.
%%
%% Revision 1.2  1995/11/15  14:58:10  kehr
%% Final correction (I hope so).
%%
%% Revision 1.1  1995/10/16  17:31:48  kehr
%% Initial checkin of Report and Presentation.
%%
%% Revision 1.15  1995/07/05  13:43:25  kehr
%% Bin jetzt fast fertig un muß mich nur noch um das verdammte
%% ingnore-for-join und print-qualified-range kümmern.
%%
%% Revision 1.14  1995/07/04  09:46:27  kehr
%% Weitere Änderungen. Bin aber fast fertig.
%%
%% Revision 1.13  1995/07/04  00:46:48  kehr
%% Bald ist's soweit ;-)
%% Ich habe heute die generelle Umstrukturierung vorgenommen und einige
%% Teile herausgeschmissen. Die Indexverarbeitung muß noch überarbeitet werden.
%%
%% Revision 1.12  1995/06/18  19:10:37  kehr
%% Lokationsverarbeitung geblickt !;-)
%%
%% Revision 1.11  1995/06/17  20:36:27  kehr
%% Habe die Lokationsreferenzverarbeitung umstrukturiert und besser
%% definiert. DIe Buchstabengruppen müssen noch beendet werden und der
%% Algorithmus zum Mischen und Sortieren der Lokationsreferenzen muß
%% fertiggestellt werden.
%%
%% Revision 1.10  1995/06/15  12:58:40  kehr
%% Erweiterung der Ausgabematrix und kleinere Änderungen am Layot.
%% Überprüfe jetzt das ganze Dokument, um mich auf die beiden letzten
%% Probleme einzulesen.
%%
%% Revision 1.9  1995/06/09  20:59:47  kehr
%% Superviel gemacht heute ;-)
%%
%% Revision 1.8  1995/06/08  20:19:45  kehr
%% Bibliographie erweitert.
%%
%% Revision 1.7  1995/06/08  11:25:58  kehr
%% Implementierungsteil angefangen.
%%
%% Revision 1.6  1995/05/31  19:18:50  kehr
%% Fertigstellung des Analyse-Abschnitts (Hoffentlich ;-).
%%
%% Revision 1.5  1995/05/31  16:14:57  kehr
%% Dokumant- und Sortierungsalphabet entwickelt. Makefileänderungen und
%% Styleveränderungen.
%%
%% Revision 1.4  1995/05/05  22:25:02  kehr
%% Geänderte Struktur mit einleitung.tex
%% Zwischenspeicherung vor der Umstellung der Definitionen
%%
%% Revision 1.3  1995/04/28  22:12:03  kehr
%% Weiterarbeit am Analyse-Teil.
%% figsect.sty wurde auf tables erweitert.
%%
%% Revision 1.2  1995/04/25  01:09:38  kehr
%% Analyse und Modellentwurf weitergebracht.
%%
%% Revision 1.1  1995/04/22  21:05:39  kehr
%% Erstes Setup der Studienarbeit des Makeindex4-Projektes
%%
%% Revision 1.1  1995/04/20  02:07:38  kehr
%% First setup. Einleitung und Analyse in Bearbeitung.
%%
